<?xml version="1.0" encoding="UTF-8"?><collection xmlns="http://www.loc.gov/MARC21/slim"><record><leader>00351nam--2200121-i-4500</leader><controlfield tag="001">000003478</controlfield><controlfield tag="002">20161230</controlfield><controlfield tag="005">20161230201025</controlfield><controlfield tag="008">060222s1000------------r-----000-0-eng-d</controlfield><datafield ind1=" " ind2=" " tag="100"><subfield code="a">Chretien, Lucien</subfield></datafield><datafield ind1=" " ind2=" " tag="245"><subfield code="a">Traite de physique electronique.deuxieme editi on revue et corrigee</subfield></datafield><datafield ind1=" " ind2=" " tag="260"><subfield code="a">Paris,  Etienne Chiron , /1948/ 370 P.+ 16 F.Pl</subfield></datafield><datafield ind1=" " ind2=" " tag="852"><subfield code="a">2066</subfield></datafield></record></collection>